@misc{katabathina2024crossvalidation,
  author       = {Katabathina, Sai Krishna},
  title        = {Understanding Cross-Validation in Machine Learning},
  year         = {2024},
  url          = {https://medium.com/@katabathina44313/understanding-cross-validation-in-machine-learning-a172b3c8ce84},
  note         = {Accessed: 2024-11-09}
}

@misc{janosi1989heart,
  author = {Janosi, Andras and Steinbrunn, W and Pfisterer, M and Detrano, R},
  title = {Heart Disease Dataset},
  year = {1989},
  howpublished = {\url{https://archive.ics.uci.edu/ml/datasets/heart+disease}},
  note = {Accessed: 2023-10-31},
  institution = {UCI Machine Learning Repository}
}

@misc{framingham2023,
  author = {Kaggle},
  title = {Framingham Heart Study Dataset},
  year = {2023},
  howpublished = {\url{https://www.kaggle.com/datasets}}, 
  note = {Accessed: 2023-10-31},
}

@misc{statlog2023,
  author = {{UCI Machine Learning Repository}},
  title = {Statlog (Heart) Dataset},
  year = {2023},
  howpublished = {\url{https://archive.ics.uci.edu/ml/datasets/statlog+(heart)}},
  note = {Accessed: 2023-10-31}
}

@misc{geeksforgeeks_fully_connected_layer,
  author       = "{GeeksforGeeks}",
  title        = "{What is Fully Connected Layer in Deep Learning?}",
  howpublished = "\url{https://www.geeksforgeeks.org/what-is-fully-connected-layer-in-deep-learning/}",
  year         = "2021",
  note         = "[Accessed November 7, 2024]"
}
@misc{geeksforgeeks2024functional,
    title = {Functional vs Non-Functional Requirements},
    author = {{GeeksforGeeks}},
    year = {2024},
    url = {https://www.geeksforgeeks.org/functional-vs-non-functional-requirements/},
    note = {Accessed: 2024-11-09}
}

@article{adadi2018peeking,
    title={Peeking Inside the Black-Box: A Survey on Explainable Artificial Intelligence (XAI)},
    author={Adadi, Amina and Berrada, Mohamed},
    journal={IEEE Access},
    volume={6},
    pages={52138--52160},
    year={2018},
    doi={10.1109/ACCESS.2018.2870052}
}
@article{baghdadi2023advanced,
    title={Advanced machine learning techniques for cardiovascular disease early detection and diagnosis},
    author={Baghdadi, N.A. and others},
    journal={Journal of Big Data},
    volume={10},
    number={1},
    year={2023},
    doi={10.1186/s40537-023-00817-1}
}

@article{arrieta2020explainable,
    title={Explainable Artificial Intelligence (XAI): Concepts, taxonomies, opportunities and challenges toward responsible AI},
    author={Barredo Arrieta, Alejandro and Díaz-Rodríguez, Natalia and Del Ser, Javier and Bennetot, Adrien and Tabik, Siham and Barbado, Andres and Garcia, Sergio and Gil-Lopez, Sonia and Molina, Daniel and Benjamins, Richard and Chatila, Raja and Herrera, Francisco},
    journal={Information Fusion},
    volume={58},
    pages={82--115},
    year={2020},
    doi={10.1016/j.inffus.2019.12.012}
}

@article{bizimana2024automated,
    title={Automated heart disease prediction using improved explainable learning-based technique},
    author={Bizimana, P.C. and others},
    journal={Neural Computing and Applications},
    volume={36},
    number={26},
    pages={16289--16318},
    year={2024}
}

@online{careervira2023,
    title={Machine learning for beginners: A comprehensive 2023 guide},
    author={Careervira},
    year={2023},
    note={Available at: https://medium.com/@careervira.community/machine-learning-for-beginners-a-comprehensive-2023-guide4ec02d5caab7 (Accessed: 22 September 2024)}
}

@incollection{devi2021deep,
    title={Deep learning-based cognitive state prediction analysis using Brain Wave Signal},
    author={Devi, D. and Sophia, S. and Boselin Prabhu, S. R.},
    booktitle={Cognitive Computing for Human-Robot Interaction},
    pages={69--84},
    year={2021},
    doi={10.1016/b978-0-323-85769-7.00017-3}
}

@article{garcia2023heart,
    title={Heart disease risk prediction using Deep Learning techniques with feature augmentation},
    author={García-Ordás, María Teresa and others},
    journal={Multimedia Tools and Applications},
    volume={82},
    number={20},
    pages={31759--31773},
    year={2023},
    doi={10.1007/s11042-023-14817-z}
}

@misc{cdc2024heart,
    title={Heart Disease Facts},
    author={{Centers for Disease Control and Prevention}},
    year={2024},
    note={Available at: https://www.cdc.gov/heart-disease/data-research/facts-stats/index.html}
}

@misc{who2019cardiovascular,
    title={Cardiovascular diseases},
    author={{World Health Organization}},
    year={2019},
    note={Available at: https://www.who.int/health-topics/cardiovascular-diseases#tab=tab_1 (Accessed: 11 October 2024)}
}

@online{ibm2024deeplearning,
    title={What is deep learning?},
    author={Holdsworth, J. and Scapicchio, Mark},
    year={2024},
    note={Available at: https://www.ibm.com/topics/deep-learning (Accessed: 22 September 2024)}
}

@misc{hospitalization2001,
    title={Hospitalization for Heart Attack, Stroke, or Congestive Heart Failure among Persons with Diabetes},
    author={{Special report: 2001 – 2003, New Mexico}},
}

@online{ibm2023explainable,
    title={What is explainable AI?},
    author={{IBM}},
    year={2023},
    note={Available at: https://www.ibm.com/topics/explainableai (Accessed: 11 October 2024)}
}

@online{ibm2023explainableai,
    title={What is explainable AI?},
    author={{IBM}},
    year={2023},
    note={Available at: https://www.ibm.com/topics/explainable-ai (Accessed: 11 October 2024)}
}

@misc{janosi1989heart,
    title={Heart Disease [Dataset]},
    author={Janosi, Andras and Steinbrunn, Wolfgang and Pfisterer, Matthias and Detrano, Robert},
    year={1989},
    note={UCI Machine Learning Repository},
    doi={10.24432/C52P4X}
}

@online{kaggle2023framingham,
    title={Framingham Heart Study Dataset},
    author={{Kaggle}},
    year={2023},
    note={Available at: https://www.kaggle.com/datasets/aasheesh200/framingham-heart-study-dataset?select=framingham.csv (Accessed: 11 October 2024)}
}

@inproceedings{kavitha2021heart,
    title={Heart disease prediction using Hybrid Machine Learning Model},
    author={Kavitha, M. and others},
    booktitle={2021 6th International Conference on Inventive Computation Technologies (ICICT)},
    year={2021},
    note={[Preprint]},
    doi={10.1109/icict50816.2021.9358597}
}

@inproceedings{krishnani2019prediction,
    title={Prediction of coronary heart disease using supervised machine learning algorithms},
    author={Krishnani, Divya and others},
    booktitle={TENCON 2019 - 2019 IEEE Region 10 Conference (TENCON)},
    year={2019},
    note={[Preprint]},
    doi={10.1109/tencon.2019.8929434}
}

@article{latha2019improving,
    title={Improving the accuracy of prediction of heart disease risk based on ensemble classification techniques},
    author={Latha, C.B. and Jeeva, S.C.},
    journal={Informatics in Medicine Unlocked},
    volume={16},
    pages={100203},
    year={2019},
    doi={10.1016/j.imu.2019.100203}
}

@article{lee2023shap,
    title={SHAP Value-Based Feature Importance Analysis for Short-Term Load Forecasting},
    author={Lee, Young-Gon and Oh, Ji-Yong and Kim, Do-Kwan and others},
    journal={Journal of Electrical Engineering \& Technology},
    volume={18},
    pages={579--588},
    year={2023},
    doi={10.1007/s42835-022-01161-9}
}

@article{louridi2022cardiovascular,
    title={Machine learning-based identification of patients with a cardiovascular defect},
    author={Louridi, Mohamed and others},
    journal={Journal of Big Data},
    year={2022},
    doi={10.1007/s00521-024-09967-6}
}

@article{mohan2019effective,
    title={Effective heart disease prediction using hybrid machine learning techniques},
    author={Mohan, S. and Thirumalai, C. and Srivastava, G.},
    journal={IEEE Access},
    volume={7},
    pages={81542--81554},
    year={2019}
}

@inproceedings{ouyang2022research,
    title={Research of Heart Disease Prediction Based on Machine Learning},
    author={Ouyang, Shuying},
    booktitle={2022 5th International Conference on Advanced Electronic Materials, Computers and Software Engineering (AEMCSE)},
    year={2022},
    note={[Preprint]},
    doi={10.1109/aemcse55572.2022.00071}
}

@article{schlesinger2020deep,
    title={Deep Learning for Cardiovascular Risk Stratification},
    author={Schlesinger, D.E. and Stultz, C.M.},
    journal={Current Treatment Options in Cardiovascular Medicine},
    volume={22},
    number={8},
    year={2020},
    doi={10.1007/s11936-020-00814-0}
}

@article{shah2020heart,
    title={Heart disease prediction using Machine Learning Techniques},
    author={Shah, D. and Patel, S. and Bharti, S.K.},
    journal={SN Computer Science},
    volume={1},
    number={6},
    year={2020},
    doi={10.1007/s42979-020-00365-y}
}

@article{sudhakar2014study,
    title={Study of heart disease prediction using data mining},
    author={Sudhakar, K. and Manimekalai, D.M.},
    journal={International Journal of Advanced Research in Computer Science and Software Engineering},
    volume={4},
    number={1},
    pages={1157--1160},
    year={2014}
}

@article{tsao2023heart,
    title={Heart Disease and Stroke Statistics—2023 Update: A Report From the American Heart Association},
    author={Tsao, Connie W. and others},
    journal={Circulation},
    volume={147},
    number={8},
    year={2023},
    doi={10.1161/cir.0000000000001123}
}

@misc{uci2023statlog,
    title={Statlog (Heart) Dataset},
    author={{UCI Machine Learning Repository}},
    year={2023},
    note={Available at: https://archive.ics.uci.edu/dataset/145/statlog+heart (Accessed: 11 October 2024)}
}

@article{yasunobu2022shapley,
    title={Explanation of machine learning models using shapley additive explanation and application for real data in hospital},
    author={Yasunobu, N. and Koutarou, M. and Hidehisa, S. and Naoki, N.},
    journal={Computer Methods and Programs in Biomedicine},
    volume={214},
    pages={106584},
    year={2022},
    issn={0169-2607},
    doi={10.1016/j.cmpb.2021.106584},
    note={(Accessed: 11 October, 2024)}
}

@inproceedings{yassine2014automatic,
    title={Automatic Cardiac MRI Localization Method},
    author={Yassine, Ihab and Mousa, Doaa and Zayed, Nagy},
    booktitle={Proceedings of the 7th Cairo International Biomedical Engineering Conference (CIBEC)},
    year={2014},
    doi={10.1109/CIBEC.2014.7020942}
}

@inproceedings{zaidi2024review,
    title={A Review of Machine Learning Models for Predicting Agile Methodology},
    author={Zaidi, H.A. and Jain, P.},
    booktitle={2024 2nd International Conference on Disruptive Technologies (ICDT)},
    location={Greater Noida, India},
    pages={971--974},
    year={2024},
    doi={10.1109/ICDT61202.2024.10489437}
}

@inproceedings{chen2016xgboost,
    title={XGBoost: A Scalable Tree Boosting System},
    author={Chen, Tianqi and Guestrin, Carlos},
    booktitle={Proceedings of the 22nd ACM SIGKDD International Conference on Knowledge Discovery and Data Mining (KDD)},
    pages={785--794},
    year={2016},
    doi={10.1145/2939672.2939785}
}

@inproceedings{guyon2002feature,
    title={Feature Selection for Machine Learning with Support Vector Machines},
    author={Guyon, Isabelle and Weston, Jason and Barnhill, Stephen and Vapnik, Vladimir},
    booktitle={Proceedings of the Advances in Neural Information Processing Systems (NIPS)},
    pages={1--7},
    year={2002}
}

@inproceedings{davis2006relationship,
    title={The Relationship between Precision-Recall and ROC Curves},
    author={Davis, Jesse and Goadrich, Mark},
    booktitle={Proceedings of the 23rd International Conference on Machine Learning (ICML)},
    pages={233--240},
    year={2006},
    doi={10.1145/1143844.1143874}
}

@article{guleria2022comprehensive,
    title={A Comprehensive Review of Machine Learning Techniques for Predicting Diseases},
    author={Guleria, Deepak and others},
    journal={Journal of Biomedical Informatics},
    volume={133},
    pages={104166},
    year={2022},
    doi={10.1016/j.jbi.2022.104166}
}

@article{breiman2001random,
    title={Random Forests},
    author={Breiman, Leo},
    journal={Machine Learning},
    volume={45},
    number={1},
    pages={5--32},
    year={2001},
    doi={10.1023/A:1010933404324}
}

@article{rudin2019stop,
    title={Stop Explaining Black Box Machine Learning Models for High Stakes Decisions and Use Interpretable Models Instead},
    author={Rudin, Cynthia},
    journal={Nature Machine Intelligence},
    volume={1},
    pages={206--215},
    year={2019},
    doi={10.1038/s42256-019-0048-x}
}

@book{molnar2024interpretable,
    title={Interpretable Machine Learning: A Guide for Making Black Box Models Explainable},
    author={Molnar, Christoph},
    year={2024},
    note={Available at: https://christophm.github.io/interpretable-ml-book/ (Accessed: 31 July 2024)}
}
